@article{mccloskey1989catastrophic,
  title={Catastrophic interference in connectionist networks: The sequential learning problem},
  author={McCloskey, Michael and Cohen, Neal J},
  journal={Psychology of learning and motivation},
  volume={24},
  pages={109--165},
  year={1989},
  publisher={Elsevier}
}

@article{kirkpatrick2017overcoming,
  title={Overcoming catastrophic forgetting in neural networks},
  author={Kirkpatrick, James and Pascanu, Razvan and Rabinowitz, Neil and Veness, Joel and Desjardins, Guillaume and Rusu, Andrei A and Milan, Kieran and Quan, John and Ramalho, Tiago and Grabska-Barwinska, Agnieszka and others},
  journal={Proceedings of the national academy of sciences},
  volume={114},
  number={13},
  pages={3521--3526},
  year={2017},
  publisher={National Acad Sciences}
}

@inproceedings{rebuffi2017icarl,
  title={icarl: Incremental classifier and representation learning},
  author={Rebuffi, Sylvestre-Alvise and Kolesnikov, Alexander and Sperl, Georg and Lampert, Christoph H},
  booktitle={Proceedings of the IEEE conference on Computer Vision and Pattern Recognition},
  pages={2001--2010},
  year={2017}
}

@inproceedings{rusu2016progressive,
  title={Progressive neural networks},
  author={Rusu, Andrei A and Rabinowitz, Neil C and Desjardins, Guillaume and Soyer, Hubert and Kirkpatrick, James and Kavukcuoglu, Koray and Pascanu, Razvan and Hadsell, Raia},
  booktitle={arXiv preprint arXiv:1606.04671},
  year={2016}
}

@inproceedings{zenke2017continual,
  title={Continual learning through synaptic intelligence},
  author={Zenke, Friedemann and Poole, Ben and Ganguli, Surya},
  booktitle={International conference on machine learning},
  pages={3987--3995},
  year={2017},
  organization={PMLR}
}

@inproceedings{rolnick2019experience,
  title={Experience replay for continual learning},
  author={Rolnick, David and Ahuja, Arun and Schwarz, Jonathan and Lillicrap, Timothy and Wayne, Gregory},
  booktitle={Advances in Neural Information Processing Systems},
  volume={32},
  year={2019}
}

@inproceedings{rao2019continual,
  title={Continual unsupervised representation learning},
  author={Rao, Dushyant and Visin, Francesco and Rusu, Andrei and Pascanu, Razvan and Teh, Yee Whye and Hadsell, Raia},
  booktitle={Advances in Neural Information Processing Systems},
  volume={32},
  year={2019}
}

@article{buzzega2020dark,
  title={Dark experience for general continual learning: a strong, simple baseline},
  author={Buzzega, Pietro and Boschini, Matteo and Porrello, Angelo and Abati, Davide and Calderara, Simone},
  journal={Advances in neural information processing systems},
  volume={33},
  pages={15920--15930},
  year={2020}
}

@article{li2017learning,
  title={Learning without forgetting},
  author={Li, Zhizhong and Hoiem, Derek},
  journal={IEEE transactions on pattern analysis and machine intelligence},
  volume={40},
  number={12},
  pages={2935--2947},
  year={2017},
  publisher={IEEE}
}

@inproceedings{mallya2018packnet,
  title={Packnet: Adding multiple tasks to a single network by iterative pruning},
  author={Mallya, Arun and Lazebnik, Svetlana},
  booktitle={Proceedings of the IEEE conference on Computer Vision and Pattern Recognition},
  pages={7765--7773},
  year={2018}
}

@article{davies2018loihi,
  title={Loihi: A neuromorphic manycore processor with on-chip learning},
  author={Davies, Mike and Srinivasa, Narayan and Lin, Tsung-Han and Chinya, Gautham and Cao, Yongqiang and Choday, Sri Harsha and Dimou, Georgios and Joshi, Prasad and Imam, Nabil and Jain, Shweta and others},
  journal={IEEE Micro},
  volume={38},
  number={1},
  pages={82--99},
  year={2018},
  publisher={IEEE}
}

@article{akopyan2015truenorth,
  title={Truenorth: Design and tool flow of a 65 mw 1 million neuron programmable neurosynaptic chip},
  author={Akopyan, Filipp and Sawada, Jun and Cassidy, Andrew and Alvarez-Icaza, Rodrigo and Arthur, John and Merolla, Paul and Imam, Nabil and Nakamura, Yutaka and Datta, Pallab and Nam, Gi-Joon and others},
  journal={IEEE transactions on computer-aided design of integrated circuits and systems},
  volume={34},
  number={10},
  pages={1537--1557},
  year={2015},
  publisher={IEEE}
}

@article{fang2023spikingjelly,
  title={SpikingJelly: An open-source machine learning infrastructure platform for spike-based intelligence},
  author={Fang, Wei and Chen, Yanqi and Ding, Jianhao and Chen, Ding and Yu, Zhaofei and Zhou, Huihui and Tian, Yonghong and other contributors},
  journal={Science Advances},
  volume={9},
  number={40},
  pages={eadi1480},
  year={2023},
  publisher={American Association for the Advancement of Science}
}

@software{pehle2021norse,
  author = {Christian Pehle and Jens E. Pedersen},
  title = {Norse -  A deep learning library for spiking neural networks},
  url = {https://github.com/norse/norse},
  version = {0.0.7},
  year = {2021},
}

@article{markram1997regulation,
  title={Regulation of synaptic efficacy by coincidence of postsynaptic APs and EPSPs},
  author={Markram, Henry and L{\"u}bke, Joachim and Frotscher, Michael and Sakmann, Bert},
  journal={Science},
  volume={275},
  number={5297},
  pages={213--215},
  year={1997},
  publisher={American Association for the Advancement of Science}
}

@article{diehl2015unsupervised,
  title={Unsupervised learning of digit recognition using spike-timing-dependent plasticity},
  author={Diehl, Peter U and Cook, Matthew},
  journal={Frontiers in computational neuroscience},
  volume={9},
  pages={99},
  year={2015},
  publisher={Frontiers}
}

@article{querlioz2013bioinspired,
  title={Bioinspired programming of memory devices for implementing an inference engine},
  author={Querlioz, Damien and Bichler, Olivier and Dollfus, Philippe and Gamrat, Christian},
  journal={Proceedings of the National Academy of Sciences},
  volume={110},
  number={52},
  pages={E4878--E4887},
  year={2013},
  publisher={National Acad Sciences}
}

@article{froemke2010spike,
  title={Spike-timing-dependent synaptic plasticity depends on dendritic location},
  author={Froemke, Robert C and Letzkus, Johannes J and Kampa, Bj{\"o}rn M and Hang, Gavin B and Stuart, Greg J},
  journal={Nature},
  volume={434},
  number={7030},
  pages={221--225},
  year={2010},
  publisher={Nature Publishing Group}
}

@article{graves2014neural,
  title={Neural turing machines},
  author={Graves, Alex and Wayne, Greg and Danihelka, Ivo},
  journal={arXiv preprint arXiv:1410.5401},
  year={2014}
}

@article{weston2014memory,
  title={Memory networks},
  author={Weston, Jason and Chopra, Sumit and Bordes, Antoine},
  journal={arXiv preprint arXiv:1410.3916},
  year={2014}
}

@inproceedings{lewis2020retrieval,
  title={Retrieval-augmented generation for knowledge-intensive nlp tasks},
  author={Lewis, Patrick and Perez, Ethan and Piktus, Aleksandra and Petroni, Fabio and Karpukhin, Vladimir and Goyal, Naman and K{\"u}ttler, Heinrich and Lewis, Mike and Yih, Wen-tau and Rockt{\"a}schel, Tim and others},
  booktitle={Advances in neural information processing systems},
  volume={33},
  pages={9459--9474},
  year={2020}
}

@inproceedings{dosovitskiy2020image,
  title={An image is worth 16x16 words: Transformers for image recognition at scale},
  author={Dosovitskiy, Alexey and Beyer, Lucas and Kolesnikov, Alexander and Weissenborn, Dirk and Zhai, Xiaohua and Unterthiner, Thomas and Dehghani, Mostafa and Minderer, Matthias and Heigold, Georg and Gelly, Sylvain and others},
  booktitle={International Conference on Learning Representations},
  year={2020}
}

@inproceedings{khosla2020supervised,
  title={Supervised contrastive learning},
  author={Khosla, Prannay and Teterwak, Piotr and Wang, Chen and Sarna, Aaron and Tian, Yonglong and Isola, Phillip and Maschinot, Aaron and Liu, Ce and Krishnan, Dilip},
  booktitle={Advances in Neural Information Processing Systems},
  volume={33},
  pages={18661--18673},
  year={2020}
}

@article{johnson2019billion,
  title={Billion-scale similarity search with {GPU}s},
  author={Johnson, Jeff and Douze, Matthijs and J{\'e}gou, Herv{\'e}},
  journal={IEEE Transactions on Big Data},
  volume={7},
  number={3},
  pages={535--547},
  year={2019},
  publisher={IEEE}
}

@article{malkov2018efficient,
  title={Efficient and robust approximate nearest neighbor search using hierarchical navigable small world graphs},
  author={Malkov, Yu A and Yashunin, Dmitry A},
  journal={IEEE transactions on pattern analysis and machine intelligence},
  volume={42},
  number={4},
  pages={824--836},
  year={2018},
  publisher={IEEE}
}

@article{johnson2019mimic,
  title={MIMIC-CXR, a de-identified publicly available database of chest radiographs with free-text reports},
  author={Johnson, Alistair EW and Pollard, Tom J and Berkowitz, Seth J and Greenbaum, Nathaniel R and Lungren, Matthew P and Deng, Chih-yin and Mark, Roger G and Horng, Steven},
  journal={Scientific data},
  volume={6},
  number={1},
  pages={1--8},
  year={2019},
  publisher={Nature Publishing Group}
}

@inproceedings{lau2018dataset,
  title={A dataset of clinically generated visual question and answer pairs},
  author={Lau, Jason J and Gayen, Soumya and Ben Abacha, Asma and Demner-Fushman, Dina},
  booktitle={Proceedings of the eleventh international conference on language resources and evaluation (LREC 2018)},
  year={2018}
}

@article{tsatsaronis2015overview,
  title={An overview of the BIOASQ large-scale biomedical semantic indexing and question answering competition},
  author={Tsatsaronis, George and Balikas, Georgios and Malakasiotis, Prodromos and Partalas, Ioannis and Zschunke, Matthias and Alvers, Michael R and Weissenborn, Dirk and Krithara, Anastasia and Petridis, Sergios and Polychronopoulos, Dimitris and others},
  journal={BMC bioinformatics},
  volume={16},
  number={1},
  pages={1--28},
  year={2015},
  publisher={BioMed Central}
}

@article{hopfield1982neural,
  title={Neural networks and physical systems with emergent collective computational abilities},
  author={Hopfield, John J},
  journal={Proceedings of the national academy of sciences},
  volume={79},
  number={8},
  pages={2554--2558},
  year={1982},
  publisher={National Acad Sciences}
}
